@Manual{fontspec,
  author   = {Will Robertson},
  date     = {2022-01-15},
  editor   = {Comprehensive TeX Archive Network (CTAN)},
  title    = {The fontspec package},
  pages    = {66},
  subtitle = {Font selection for XeLaTeX and LuaLaTeX},
  type     = {Pacote para XeLaTeX e LuaLaTeX},
  url      = {https://ctan.dcc.uchile.cl/macros/unicodetex/latex/fontspec/fontspec.pdf},
  urldate  = {2022-01-18},
  version  = {2.8a},
}

@Comment{jabref-meta: databaseType:biblatex;}
